@techreport {DiscoveryOfBent,
  title       = {Discovery of Bent Functions Using the Fast Walsh Transform},
  author      = {O'Dowd, Timothy R},
  year        = {2010},
  institution = {NAVAL POSTGRADUATE SCHOOL MONTEREY CA}
}

@UNPUBLISHED {CalculatingNonlinearity,
  author = {Sosa, Pedro Miguel},
  title  = {Calculating Nonlinearity of Boolean Functions with Walsh-Hadamard Transform},
  month  = {apr},
  year   = {2016}
}

@ONLINE {MeasuringBoolean,
  author = {Ritter, Terry},
  title  = {Measuring Boolean Function Nonlinearity by Walsh Transform},
  month  = {jan},
  year   = {1998},
  url    = {http://www.ciphersbyritter.com/ARTS/MEASNONL.HTM}
}

@inproceedings {MacimalNonlinearity,
  title        = {Maximal Nonlinearity in Balanced Boolean Functions With Even Number of Inputs, Revisited},
  author       = {Picek, Stjepan and Santana, Roberto and Jakobovic, Domagoj},
  booktitle    = {2016 IEEE Congress on Evolutionary Computation (CEC)},
  pages        = {3222--3229},
  year         = {2016},
  organization = {IEEE}
}

@article {CryptographicBoolean,
  title     = {Cryptographic Boolean Functions: One Output, Many Design Criteria},
  author    = {Picek, Stjepan and Jakobovic, Domagoj and Miller, Julian F and Batina, Lejla and Cupic, Marko},
  journal   = {Applied Soft Computing},
  volume    = {40},
  pages     = {635--653},
  year      = {2016},
  publisher = {Elsevier}
}

@article {OnBentFunctions,
  title     = {On “Bent” Functions},
  author    = {Rothaus, Oscar S},
  journal   = {Journal of Combinatorial Theory, Series A},
  volume    = {20},
  number    = {3},
  pages     = {300--305},
  year      = {1976},
  publisher = {Elsevier}
}

@book {cusick2017cryptographic,
  title     = {Cryptographic Boolean functions and applications},
  author    = {Cusick, Thomas W and Stanica, Pantelimon},
  year      = {2017},
  publisher = {Academic Press}
}